2535 3601
564 128 1676 193 sECT.1V.EJUSP1-1AENOMENA.
2106 138 2181 180 153

50 208 132 257 suis
163 206 283 252 usum
315 203 471 249 viribus
503 203 645 260 pefius
676 201 849 260 agitasse
880 195 1195 250 musculosum,
1227 206 1273 240 ut
1305 189 1596 256 respirationis
1627 186 1750 232 fieret
1782 198 1965 241 compos
1997 183 2094 236 (1).·
2113 196 2187 226 eo-

51 281 136 325 que
168 265 212 309 in
242 263 347 308 statu
381 261 635 318 pulmonem
667 274 803 316 neque
834 256 1029 312 dilatari,
1059 268 1195 310 neque
1228 251 1458 306 constringi
1492 252 1601 311 (ξ).
1657 302 1665 310 ·

109 324 188 369 Sed
220 334 357 377 neque
389 317 595 372 eiusmodi
629 318 734 363 aeris
767 316 824 361 est
854 315 990 367 aelio,
1021 325 1068 358 ut
1100 312 1252 367 absque
1287 307 1471 366 pefioris
1502 305 1754 349 dilatatione
1787 301 1884 354 (u)
1908 299 2186 360 *pulmonem

51 380 223 426 subeat.
257 380 517 423 Pulmonem
550 376 702 433 sponte
732 372 900 418 dilatari
932 385 1020 415 non
1053 369 1168 425 posse
1200 368 1461 412 ostendimus
1484 397 1496 418 ,
1528 375 1664 419 neque
1696 361 1742 406 in
1775 358 1863 403 fetu
1887 358 2000 422 ‘adeo
2051 354 2184 401 debili

50 441 95 485 δε
127 436 283 491 molli,
314 450 384 479 aer
414 435 463 477 ab
493 433 776 489 atmosphaera
806 430 958 487 sponte
992 426 1196 482 irrumpit
1228 429 1317 479 (x).
1353 423 1402 466 In
1434 419 1577 478 peffius
1611 433 1716 464 vero
1735 432 1823 462 non
1855 416 2080 459 dilatatum
2111 423 2184 478 aet

52 512 127 543 cui·
157 494 327 546 subeat,
358 492 473 536 nulla
504 489 636 534 exstat
668 488 809 543 ratio,
841 487 882 531 &
915 483 1120 541 ampliter
1150 483 1372 538 perforato
1404 479 1604 535 pastore,
1636 476 1708 520 etfi
1744 484 1891 532 pergat
1927 472 2186 528 respiratio,

53 556 207 610 pulmo
254 561 399 594 tamen
446 546 629 603 quiescit
661 577 671 590 .
720 547 779 590 Et
825 541 1053 589 manifesto
1101 551 1252 584 contra
1300 536 1547 582 anatomica
1606 534 1902 589 experimenta
1951 538 2186 586 peccarunt

52 611 171 654 Clar.
203 607 330 659 viri,
378 604 454 660 qui
496 615 568 648 aut
610 604 890 661 diaphragma
933 600 1101 655 (y),
1143 607 1214 641 aut
1245 592 1492 640 universum
1544 590 1687 648 pee'tus
1720 595 1811 648 (z)
1860 589 2014 632 inutile
2060 587 2187 650 effe)

55 668 186 722 inque
217 663 496 719 inspiratione
527 661 743 721 quiescere
774 696 788 719 ‚
818 659 861 704 δε
891 655 1111 705 destrussis
1144 655 1210 700 his
1242 650 1414 712 organis
1456 661 1604 695 tamen
1634 647 1967 706 respirationem
1997 644 2092 691 fieri
2123 646 2199 700 di·-

53 732 208 773 xerunt
240 723 328 777 (a)
347 751 359 767 2

181 814 189 821 ·
801 834 842 885 §.
877 833 957 879 IV.
1004 828 1202 876 Circulus
1229 818 1437 881 Cartesti.

113 952 193 997 Sed
225 964 362 1007 neque
393 948 554 996 neceffe
584 950 670 1005 est,
700 959 748 995 ut
780 949 924 1006 pee’tus
956 947 1184 993 dilatatum
1215 958 1360 990 aerem
1392 939 1648 998 proximum
1668 972 1680 992 ,
1717 938 1751 982 is
1798 946 1946 982 autem
1979 932 2190 980 remotio-

59 1026 153 1057 rem
186 1009 408 1066 impellat,
438 1009 603 1062 donee,
624 1006 738 1065 quafi
773 1007 969 1052 absoluto
1001 1005 1195 1057 circulo,
1225 1018 1295 1046 aer
1310 999 1474 1058 peeiori
1507 996 1698 1042 vicinior
1716 996 1760 1039 in
1792 994 2193 1039 thoi-acislaxatum

62 1068 249 1125 spatium
280 1065 529 1109 descendat.
567 1067 633 1110 Ita
664 1064 880 1118 Cartesz'us
910 1064 1019 1109 olim
1054 1062 1145 1115 (b),
1176 1074 1307 1116 quem
1343 1057 1531 1114 plurima
1562 1054 1707 1099 schola
1751 1058 1833 1107 (c)
1865 1047 2117 1097 secuta-est,
2150 1047 2195 1092 &

60 1126 149 1189 ipse
183 1123 356 1170 meliori
389 1123 596 1179 opinione
627 1122 828 1180 dignior,
848 1124 1041 1176 Ioannes
1071 1113 1538 1170 vaammerdam,qui
1572 1113 1705 1156 etiam
1726 1110 2024 1166 experimenta
2046 1117 2194 1162 protu-

62 1184 143 1236 lit,
174 1181 342 1238 analogi
374 1192 579 1234 eventus,
611 1191 658 1224 ut
691 1195 783 1224 aere
816 1178 1005 1235 fiphonis
1038 1191 1167 1234 opera
1181 1177 1231 1219 de
1263 1174 1452 1229 ampulla
1483 1170 1679 1215 extradio
1712 1168 1836 1222 (d),
1868 1181 1974 1222 aqua
2024 1180 2077 1208 ex
2128 1175 2196 1208 tu-

58 1240 161 1285 bulo
192 1238 543 1283 communicante
575 1237 799 1293 sequatur,
830 1237 871 1280 δ(
905 1237 947 1280 in
978 1235 1214 1291 ampullam
1246 1231 1448 1277 fonticuli
1483 1227 1619 1284 specie
1653 1224 1871 1281 profiliat:
1906 1220 2094 1280 impulso
2125 1235 2200 1265 au·

62 1310 155 1342 tem
187 1297 232 1340 in
258 1297 495 1352 ampullam
527 1310 618 1340 aere
647 1295 761 1338 idem
796 1295 1030 1338 fonticulus
1061 1293 1112 1335 de
1143 1291 1279 1333 altero
1311 1303 1423 1333 nunc
1454 1286 1589 1331 tubuli
1622 1283 1709 1328 fine
1738 1294 1964 1337 erumpat,
1995 1281 2197 1335 idemque

61 1354 112 1398 sit
144 1365 346 1405 eventu5‚
377 1353 548 1407 quando
579 1353 678 1394 loco
710 1351 899 1405 fiphonis
930 1363 1075 1393 aerem
1106 1357 1177 1390 aut
1209 1344 1506 1397 extrahentis,
1538 1353 1610 1385 aut
1643 1340 1941 1395 impellentis,
1974 1337 2089 1381 canis
2132 1350 2197 1380 re·

62 1409 344 1466 spirationem
374 1408 548 1451 adhibes
581 1411 663 1461 (e).
694 1406 908 1449 Credebat
939 1418 1085 1450 autem
1115 1402 1185 1446 vir
1218 1401 1435 1458 egregius,
1466 1415 1489 1442 a
1521 1397 1705 1454 pecioris
1738 1395 1994 1452 impulsione
2026 1408 2199 1447 aerem,

63 1467 196 1511 etiam
228 1465 450 1520 aliquanto
482 1464 796 1517 remotiorem,
829 1463 998 1518 urgeri,
1030 1472 1076 1505 ut
1109 1458 1307 1504 aversum
1357 1456 1448 1501 tubi
1483 1455 1528 1500 in
1559 1453 1796 1509 ampullam
1840 1452 2027 1509 patentis
2059 1449 2197 1495 finem

61 1524 242 1569 subiret.
278 1522 473 1576 Deinde,
504 1536 603 1566 cum
634 1521 676 1564 8<
710 1521 764 1564 V.
799 1521 847 1564 F.
879 1518 1090 1574 Plempius
1125 1516 1166 1560 8<
1201 1516 1288 1572 ipse
1336 1511 1519 1572 §sylvius
1564 1512 1802 1569 objicerent
1823 1543 1836 1563 ,
1869 1510 1984 1566 posse
2034 1523 2080 1551 ex
2114 1507 2198 1551 alia

65 1595 235 1631 camera
266 1593 341 1636 per
372 1581 522 1623 tubum
555 1578 956 1623 communicantem
989 1576 1097 1620 aeris
1131 1574 1288 1618 attrahi
1323 1572 1440 1628 (f),
1473 1580 1646 1615 tantum
1661 1579 1873 1625 quantum
1906 1569 1955 1611 ad
1989 1566 2198 1622 respiran-

63 1639 172 1683 dum
201 1636 251 1682 sit
283 1636 469 1687 necesse,
501 1637 549 1679 ad
565 1635 797 1680 materiem
827 1634 1029 1689 subtilem
1061 1647 1139 1690 per
1169 1631 1354 1688 parietes
1370 1639 1673 1687 penetrantem
1701 1626 1896 1681 optimus
1928 1626 2202 1669 vaammer-

66 1694 237 1740 damius
265 1694 461 1750 confugit
494 1697 606 1748 (g).

124 1753 203 1797 Sed
235 1752 279 1795 in
313 1750 617 1806 experimento
647 1747 1038 1793 vaammerdamii
1066 1747 1220 1799 unice,
1250 1744 1439 1790 detrac‘Ia
1467 1751 1585 1800 parte
1617 1743 1753 1796 aeris,
1786 1740 1919 1785 rarius
1951 1738 2108 1784 saelum
2141 1737 2201 1783 est

64 1810 111 1854 in
143 1808 333 1864 ampulla
366 1808 632 1851 elementum
653 1840 665 1860 ‚
699 1806 829 1862 inque
861 1808 902 1851 id
935 1806 1166 1851 semiinane
1199 1803 1417 1859 spatium,
1449 1816 1520 1845 aer
1551 1801 1726 1857 gravior
1758 1797 1978 1842 succesfit.
2032 1796 2202 1841 Deinde

63 1865 152 1923 ipse
186 1867 270 1923 jam
302 1863 491 1928 Galenus
520 1862 636 1917 (h),
671 1863 713 1906 <Sc
746 1864 860 1907 inter
889 1878 1075 1920 nuperos
1107 1861 1319 1907 Robertus
1351 1857 1488 1904 Ho-lze
1520 1859 1599 1913 (i)
1630 1857 1673 1901 8<
1718 1857 1920 1907 Marovv
1952 1854 2152 1898 viderunt
2183 1887 2199 1910 ,

65 1935 138 1969 aut
171 1937 224 1966 ex
255 1923 398 1986 phiala
421 1921 548 1978 longi
581 1920 684 1965 colli
717 1921 911 1978 respirari
946 1921 1090 1979 poffe,
1122 1932 1192 1965 aut
1225 1933 1278 1962 ex
1310 1916 1446 1961 vesica
1477 1915 1570 1971 (k),
1603 1931 1703 1960 cum
1737 1915 1877 1958 nullus
1911 1913 1961 1956 ab
1993 1913 2198 1956 ambeun-

67 1993 111 2027 te
141 1996 233 2025 aere
278 1995 321 2024 iri
354 1980 552 2035 ampullae
601 1993 776 2023 caveam
809 1992 973 2024 meatus
1006 1990 1150 2036 pateat
1172 2011 1183 2023 .
1213 1976 1343 2022 Tunc
1374 1975 1491 2018 enirn
1525 2007 1537 2028 ,
1568 1972 1596 2017 ii
1645 1989 1718 2017 aer
1748 1973 1793 2016 iii
1836 1970 1978 2026 phiala
2026 1969 2157 2014 fuerit
2187 2002 2202 2023 ‚

66 2038 257 2085 suflione
289 2032 508 2090 adhibita,
538 2052 608 2082 aer
638 2037 688 2079 de
721 2036 864 2093 phiala
895 2037 940 2082 in
983 2036 1129 2095 pedlus
1160 2071 1172 2093 ‚
1205 2046 1430 2091 tamquam
1462 2030 1508 2076 in
1540 2031 1689 2076 locum
1721 2029 1864 2077 minus
1896 2027 2084 2085 pressum
2115 2027 2204 2072 suc-

179 2095 334 2140 Haller
361 2093 597 2154 ,Phystolog
631 2096 747 2138 Tom.
781 2095 861 2140 III·
1619 2089 1660 2131 V
2139 2097 2208 2128 cen

63 2350 242 2365 ..μ-...-
269 2345 1580 2361 -ι-μῄ--ᾑ-ι--ῇ---ι-η-ιψ

107 2486 171 2525 (1)
202 2487 238 2518 ln
265 2483 517 2528 emphysemate
553 2481 643 2515 inter
681 2483 907 2526 expirandum
933 2507 945 2525 ‚
982 2493 1037 2516 aer
1062 2483 1102 2516 de
1210 2480 1269 2520 (a)
1292 2480 1423 2514 Bertier
1449 2491 1481 2521 p.
1512 2483 1588 2518 136.
1626 2479 1706 2511 Blas
1733 2477 1825 2511 misc.
1864 2478 1887 2510 l.
1914 2487 1944 2509 c.
1970 2475 2062 2510 conf.
2087 2478 2208 2512 contra'

62 2531 195 2576 peffiore
226 2530 337 2574 prodit
362 2553 373 2571 ‚
398 2533 529 2563 Humer
563 2528 643 2561 obss.
669 2528 708 2560 of
727 2542 745 2563 a
772 2530 837 2563 soc.
863 2538 898 2564 at
923 2530 1030 2565 Lond.
1057 2530 1103 2562 11.
1164 2525 1251 2559 hane
1277 2526 1474 2568 opinionem
1504 2525 1640 2567 Boiffi'er
1665 2521 1807 2566 physiol.
1833 2534 1864 2566 p.
1894 2533 1968 2562 104.

62 2588 94 2621 P·
121 2581 173 2617 ⁶5·
1210 2570 1267 2614 (b)
1295 2576 1343 2604 De
1368 2570 1504 2603 homine
1531 2580 1563 2612 p.
1593 2579 1641 2608 54<

105 2623 156 2660 (t)
179 2621 442 2656 Swammerdam
469 2632 501 2664 p.
530 2624 584 2661 83.
609 2622 804 2660 Neukranz
825 2631 853 2655 c.
879 2627 911 2656 6.
1212 2616 1261 2659 (c)
1288 2618 1412 2658 Regius
1436 2614 1534 2648 Thes.
1554 2616 1612 2647 ix,
1638 2613 1723 2655 apud
1754 2612 1933 2654 Rogerium
1950 2612 2083 2646 Drake.
2101 2614 2207 2650 Coi-m

106 2668 166 2707 (u)
191 2671 319 2702 Stetter
344 2668 384 2700 de
412 2666 550 2701 muscinis
578 2665 643 2698 ast.
667 2667 911 2700 sthelhammer
945 2665 1016 2699 diff.
1046 2666 1105 2697 ix.
1169 2674 1203 2695 v.
1230 2660 1460 2704 Hooghelande
1478 2684 1489 2700 .,
1515 2658 1718 2693 Gualtherus
1757 2661 1933 2692 charleton
1961 2669 2069 2692 oecon.
2095 2661 2202 2694 anim.

62 2722 97 2763 n.
126 2723 177 2752 34.
197 2724 246 2753 55.
274 2715 301 2745 8<
327 2713 367 2746 de
392 2714 486 2747 cord,
514 2715 543 2745 ἃ
573 2713 678 2756 pulm.
706 2711 792 2745 offic.
821 2715 987 2745 Holmarm
1006 2710 1094 2755 prim
1169 2719 1202 2751 p.
1232 2719 1306 2747 134.
1338 2706 1511 2750 Philippus
1539 2706 1698 2745 Verheyen
1724 2709 1750 2738 L
1788 2708 1819 2737 11
1861 2715 1893 2748 p.
1925 2710 1999 2743 164.
2027 2709 2062 2738 P.
2081 2705 2204 2738 Dionis

61 2757 125 2809 lini·
152 2770 182 2801 p.
210 2762 285 2797 ¹85·
316 2760 462 2801 Eaglivi
487 2769 518 2801 p.
544 2769 620 2798 445.
647 2768 725 2797 454.
752 2760 938 2800 Gouraigne
966 2756 1105 2799 pliyfiol.
1160 2764 1262 2787 cours
1288 2753 1422 2786 d'anat.
1463 2762 1494 2796 p.
1522 2755 1601 2792 463.
1628 2749 1747 2783 Daniel
1786 2752 1925 2793 Tauvry
1964 2757 2051 2785 anat.
2078 2750 2202 2788 raison.

61 2802 92 2833 &
119 2815 152 2836 in
177 2804 256 2847 disp⁴
282 2806 321 2837 de
349 2803 456 2847 respir.
490 2815 587 2844 ¹7²9·
613 2814 647 2842 4.
675 2807 792 2847 Ignem
827 2804 969 2837 vitalem
995 2802 1104 2835 nomi·
1165 2811 1199 2844 p.
1229 2810 1281 2837 92·

65 2856 123 2882 ssat
150 2849 328 2883 Shebbeare
357 2860 389 2892 p,
418 2860 494 2888 119.
1210 2844 1273 2884 (d)
1299 2847 1335 2877 L.
1364 2854 1388 2876 c.
1418 2846 1450 2876 S.
1480 2847 1506 2877 1.
1530 2854 1559 2877 c.
1589 2848 1618 2877 6.
1645 2852 1678 2886 p.
1704 2853 1757 2884 40.
1771 2839 1837 2883 seq.

111 2890 165 2937 (x)
196 2895 350 2928 Roederer
374 2895 414 2927 de
441 2893 591 2928 suffocat.
631 2906 661 2934 p.
683 2906 736 2926 20.
763 2904 820 2937 per
846 2894 1076 2937 experimenta
1094 2919 1102 2927 .
1209 2890 1266 2929 (θ)
1297 2894 1330 2920 Ρ·
1362 2893 1412 2929 58—

109 2938 172 2979 (y)
199 2944 325 2972 „stetter
351 2952 382 2982 p.
415 2950 466 2977 27.
505 2941 746 2972 scheshammer
782 2940 802 2971 l.
830 2950 859 2972 c.
886 2939 1104 2973 Lamrwerde
1209 2934 1266 2978 (f)
1297 2936 1372 2967 Diss-
1404 2937 1479 2969 VII.
1506 2933 1563 2967 fin.

67 2991 181 3034 P·.33:
209 2989 305 3017 Nova
332 2983 552 3027 hypotheseos
579 2986 618 3017 de
646 2987 845 3027 pulmonum
878 2993 971 3018 motu
998 2986 1028 3017 8<
1055 2996 1105 3018 re·
1208 2978 1261 3021 (a)
1292 2986 1325 3013 Ρ.
1353 2983 1407 3013 28.

68 3025 259 3068 spirationis
288 3030 342 3062 usu
370 3031 534 3074 specimen
562 3032 709 3064 Londin,
740 3037 838 3068 1671.
864 3033 894 3063 8.
925 3028 1105 3063 shebbeare
1210 3024 1265 3063 (17⁸¹
1296 3027 1393 3059 Rirch
1422 3033 1449 3058 t·
1478 3038 1505 3058 2·
1534 3037 1564 3068 Ρ·
1593 3036 1669 3066 29²·

61 3083 98 3115 p,
131 3084 204 3111 132.
231 3077 358 3108 Erre-‘er
385 3086 413 3118 p.
447 3087 519 3113 142.
548 3087 623 3115 143.
1212 3071 1258 3115 (i)
1286 3076 1333 3104 De
1360 3072 1436 3104 util.
1463 3072 1577 3113 respir.

61 3115 393 3209 exggssvsxfeffxre,
419 3121 639 3161 Lamzwerde
665 3120 706 3156 de
732 3119 844 3165 respir.
867 3120 1105 3156 svvammerd.
1209 3119 1277 3159 (k)
1305 3120 1342 3151 In
1373 3127 1454 3151 cane
1482 3117 1582 3149 Birch
1609 3122 1635 3149 t.
1663 3127 1693 3150 2.
1718 3127 1749 3160 p.
1777 3117 1859 3150 282.
