2535 3601
697 185 1670 237 s‘ECT.V.UT1LITAS.
1799 240 1856 249 ..
1939 240 2024 248 ,-
2169 195 2247 247 ziz:

180 250 224 297 Si
257 249 446 297 Haivei'o
477 248 571 307 post
601 248 771 295 unicam
806 249 1135 306 respirationem
1168 247 1425 291 animalcula
1476 244 1584 289 aeris
1616 250 1813 299 perpetui
1846 253 1905 286 ita
1934 243 2130 306 indigere
2151 240 2252 306 dvi-sa

121 307 218 354 sunt
249 308 340 364 (t),
370 321 416 354 ut
450 323 502 353 ne
534 323 586 352 eo
617 309 793 365 quidem
826 309 932 353 adeo
965 306 1086 351 brevi
1121 306 1391 361 tempusculo
1423 317 1564 347 carere
1597 300 1795 358 possent,
1835 300 1945 345 casui
1978 315 2072 344 eam
2106 304 2252 365 ‘nimis

124 367 308 411 celerem
339 365 721 424 degenerationem
752 365 974 427 pulmonis
1006 362 1233 408 tribuerim
1254 396 1265 407 .
1301 361 1455 417 Neque
1488 372 1602 404 certe
1638 358 1849 416 sperarem
1868 392 1882 414 ,
1912 358 1954 403 ὃ(
1985 358 2254 407 solutionem

122 424 271 470 venire
300 422 593 482 problemati,
624 423 653 469 si
684 424 793 468 adeo
822 421 960 467 subita
990 421 1179 465 mutatio
1211 434 1311 465 vere
1344 419 1668 464 observaretur.

727 537 766 591 §.
798 536 859 582 ΙΙ.
889 535 1118 596 Necessitas
1142 533 1291 592 primae
1319 531 1630 594 respirationis.

180 653 454 709 Puer,-dum
486 665 564 709 per
589 652 741 698 matris
772 651 974 710 vaginam
1006 652 1071 703 (u)
1103 650 1278 705 transit,
1310 650 1467 708 incipit
1482 648 1720 706 respirare;
1751 662 1911 694 vocem
1942 648 2090 704 enim,
2121 661 2255 705 quam

124 712 318 769 primum
348 711 400 754 de
432 723 581 755 natura
611 711 762 755 matris
795 710 915 764 exit,
947 710 1056 754 solet
1088 710 1310 766 proferre,
1343 722 1480 765 neque
1498 722 1544 751 ea
1576 722 1693 764 vox,
1726 719 1818 762 qua:
1836 708 2091 763 pierumque
2127 708 2255 751 vehe-

123 783 245 814 mens
274 766 363 821 est,
398 767 550 823 primae
582 768 876 824 respirationis
907 767 1078 812 videtur
1108 767 1279 811 effecius
1312 767 1415 811 esse.
1453 764 1649 818 Respirat
1681 764 1815 808 etiam
1859 766 2048 819 animal,
2082 765 2254 821 quando

121 828 175 869 de
208 837 345 869 matre
379 824 569 870 solutum
602 825 687 880 est,
722 838 793 870 aut
826 825 1023 870 incisoris
1056 839 1185 868 manu
1217 826 1268 869 de
1300 824 1450 868 amnio
1480 822 1686 867 eximitur
1717 825 1844 876 (x),
1874 822 2055 879 respirat
2087 834 2159 867 aut
2208 822 2256 866 in

121 880 217 939 ipso
247 897 338 927 ovo
371 883 538 938 pui'ius,
569 895 641 928 aut
675 885 803 940 paulo
816 883 912 941 post
943 892 1171 936 exemtuS,
1201 883 1307 928 dum
1337 882 1383 926 in
1415 896 1506 926 ovo
1535 894 1632 937 pars
1655 879 1853 924 animalis
1885 882 2017 925 haeret
2047 914 2060 936 ,
2092 893 2255 925 aerem·

119 953 204 997 que
231 951 379 997 captat
411 940 559 984 avidus
591 948 605 995 (
609 945 704 998 y).

182 996 293 1054 Quae
325 996 445 1042 causa
475 997 525 1043 fit
557 999 681 1054 hujus
713 998 959 1056 cupidinis,
991 1011 1074 1054 qua
1106 997 1216 1041 fetus
1249 1011 1359 1042 nunc
1393 996 1570 1040 demum
1603 995 1809 1052 ignotum
1857 996 2124 1039 elementum
2156 994 2255 1040 affe-

124 1053 210 1098 ssat
232 1088 245 1109 ,
272 1068 369 1110 quae
402 1055 446 1099 in
492 1070 544 1100 eo
576 1071 696 1100 novo
742 1057 897 1113 pabulo
929 1056 979 1100 fit
1023 1056 1072 1098 ad
1106 1054 1247 1099 vitam
1279 1053 1530 1106 neceffitas,
1574 1064 1621 1097 ut
1652 1051 1805 1107 absque
1847 1067 1900 1097 eo
1933 1053 2024 1097 vita
2054 1052 2257 1109 superstes

127 1112 210 1157 effe
243 1125 456 1169 nequeat,
486 1114 646 1159 dudum
680 1114 878 1170 equidem
924 1113 981 1158 est
1009 1112 1265 1169 quaefitum:
1315 1123 1529 1170 augetque
1572 1110 1877 1155 difficultatem
1907 1109 2093 1155 univerfi
2138 1110 2260 1168 regni.

130 1171 331 1215 ani-maiis
365 1170 612 1215 consensus.
650 1172 805 1228 Neque
837 1171 956 1216 enim
988 1169 1100 1215 solus
1132 1171 1272 1215 homo
1301 1170 1508 1227 respirat,
1540 1171 1673 1225 quam
1704 1168 1900 1225 primum
1930 1170 1982 1212 de
2030 1179 2166 1212 matre
2199 1167 2260 1213 sa-

124 1230 202 1276 mis
235 1227 425 1282 seceffit,
455 1243 499 1273 ut
532 1230 725 1284 vagitum
758 1229 950 1273 accusare
982 1227 1110 1285 possis
1153 1229 1271 1284 (z),
1302 1226 1370 1272 sed
1401 1226 1565 1283 pariter
1594 1225 1799 1270 animalia
1847 1226 2032 1271 minime
2064 1226 2266 1283 vocalia,

126 1296 200 1330 aut
234 1297 355 1330 muta
385 1287 590 1340 demum,
621 1302 766 1331 aerem
800 1297 998 1343 captant,
1030 1299 1122 1342 quae
1154 1301 1242 1329 non
1282 1285 1432 1330 omnia
1465 1282 1594 1341 poffis
1627 1284 1825 1338 credere,
1872 1284 1997 1329 unice
2041 1284 2090 1327 ad
2124 1283 2260 1340 quiri·

125 1345 306 1388 tandum
338 1343 669 1399 respirationem
701 1344 877 1389 moliri.
912 1344 977 1387 Ita
1008 1357 1145 1399 neque
1175 1343 1327 1387 saecum
1359 1342 1447 1386 alvi
1468 1341 1778 1386 >irritationem
1812 1342 1923 1385 tanti
1960 1341 2138 1386 fecerim
2165 1343 2259 1397 (a),

127 1416 222 1457 quae
250 1411 370 1445 certe
401 1401 449 1445 in
480 1415 556 1443 ave
588 1401 744 1445 nuliius
777 1402 858 1445 sint
889 1400 1136 1452 momenti,
1168 1414 1305 1455 neque
1336 1398 1674 1454 diaphragmatis
1706 1414 1728 1441 a
1759 1397 1902 1442 nescio
1920 1398 2071 1453 quibus
2105 1400 2261 1445 humo-

126 1459 242 1503 ribus
275 1458 571 1503 irritationem
605 1459 698 1512 (b),
729 1472 828 1501 nam
861 1459 902 1502 ἃ
933 1457 1026 1501 avis
1057 1456 1269 1512 respirat,
1301 1455 1367 1500 cui
1400 1455 1568 1499 nullum
1600 1455 1879 1511 diaphragma
1911 1455 1968 1497 est
1988 1487 1998 1498 .

148 1550 151 1552 »
187 1516 344 1572 Neque
373 1515 624 1561 ‘mechanice
656 1515 914 1560 crediderim
947 1515 1113 1571 pondus
1146 1513 1252 1557 aeris
1284 1513 1329 1557 in
1361 1513 1472 1557 fetus
1503 1526 1691 1557 vacuum
1723 1513 1868 1569 peetus
1901 1514 1984 1566 (c)
2016 1511 2089 1557 fibi
2139 1513 2263 1560 viam

123 1573 317 1631 aperire,
347 1573 422 1628 qui
469 1572 753 1626 ostenderim,
793 1575 897 1617 dum
929 1573 1126 1628 languet,
1171 1586 1260 1615 non
1302 1569 1511 1625 respirare
1557 1583 1692 1625 nuper
1722 1581 1874 1615 natum
1921 1570 2261 1618 animalculum:

129 1644 267 1687 neque
298 1631 413 1674 enim
448 1630 483 1674 is
515 1631 695 1687 languor
726 1629 928 1686 ponderis
960 1627 1236 1672 neceffarium
1270 1628 1469 1672 effefflum
1501 1639 1770 1672 moraretur.

189 1689 402 1732 Subtilem
434 1687 553 1731 illam
583 1687 801 1731 viseerum
832 1686 1073 1731 abdominis
1105 1700 1126 1729 a
1157 1686 1485 1742 diaphragmate
1532 1686 1588 1738 (e)
1619 1684 1902 1729 dilabentium
1945 1686 2225 1732 recessionem
2250 1719 2265 1741 ,

126 1758 221 1802 quae
254 1760 352 1789 eum
385 1744 623 1789 musculum
656 1745 835 1800 liberet,
866 1745 1023 1789 iterum
1057 1758 1145 1787 non
1177 1743 1365 1798 explicat
1397 1741 1729 1799 respirationem
1760 1743 1879 1797 avis,
1909 1756 2001 1800 quae
2031 1744 2073 1788 8<
2106 1745 2266 1802 plicata

128 1803 176 1848 in
208 1818 297 1846 ovo
330 1802 509 1857 respiret
542 1801 656 1856 (f),
688 1802 730 1845 8<
761 1803 1042 1858 diaphragma
1073 1815 1162 1844 non
1194 1801 1373 1845 habeat.

183 1860 229 1902 A
262 1859 492 1905 ventri-cuii
528 1859 670 1902 cordia
699 1860 840 1903 dextri
873 1859 1028 1915 majori
1059 1858 1303 1902 extensione
1337 1858 1451 1912 (g),
1480 1867 1552 1901 aut
1598 1856 1679 1901 alia
1709 1858 1919 1915 ejusmodi
1969 1860 2111 1914 causa,
2144 1863 2264 1917 cujus

129 1915 376 1961 testi-monia
407 1915 639 1971 defideres,
669 1928 740 1960 aut
773 1918 888 1972 cujus
910 1932 1044 1973 porro
1060 1915 1227 1961 causam
1257 1915 1421 1968 necesse
1452 1914 1531 1969 sit,
1562 1914 1809 1972 inquirere,
1842 1918 1984 1962 nolim
1999 1919 2104 1963 adeo
2124 1919 2265 1963 neces-

125 1974 279 2019 sariam
312 1973 528 2017 aciionem
559 1972 661 2017 novi
694 1974 892 2019 animalis
923 1975 1130 2019 deducere
1151 2008 1162 2018 .
1643 1981 1646 1984 '
1740 1987 1743 1989 ’

185 2030 277 2076 Soli
310 2031 446 2074 etiam
478 2030 586 2074 casui
621 2033 970 2088 quadrupedum,
1003 2032 1239 2088 aviumque
1270 2031 1409 2076 vitam
1441 2029 1723 2075 committere
1743 2031 1912 2085 nolim,
1943 2043 1992 2076 ut
2025 2033 2165 2078 motui
2185 2034 2260 2079 ali-

127 2090 193 2134 cui
228 2102 390 2132 temere
423 2087 622 2131 exsensu
656 2088 1058 2134 incommodisaeio
1089 2091 1257 2135 hiatum
1289 2090 1378 2134 oris
1412 2088 2011 2146 committerem,vitamque
2043 2105 2151 2148 pene
2169 2092 2266 2137 uni..

124 2146 230 2192 versi
263 2145 427 2203 generis
460 2146 716 2190 mortalium
749 2161 800 2190 ex
833 2147 963 2191 debili
997 2147 1108 2204 quasi
1140 2148 1239 2191 fune
1273 2147 1597 2203 suspenderem.

183 2205 378 2259 Oportet
411 2216 555 2248 autem
589 2203 796 2258 ejusmodi
830 2204 999 2249 causam
1034 2205 1255 2258 invenire,
1287 2219 1379 2260 quae
1410 2217 1527 2259 aeque
1562 2204 1645 2247 late
1680 2215 1849 2260 pateat,
1880 2221 1928 2249 ac
1964 2206 2149 2251 ferarum
2182 2205 2265 2262 spi-

125 2261 268 2324 ritalia
294 2260 471 2323 saecula,
502 2260 530 2305 s1
562 2260 751 2304 Lueretii
783 2262 960 2307 vocibus
991 2261 1055 2306 uti
1088 2261 1211 2307 licet.
1244 2263 1374 2315 Vidi,
1405 2262 1563 2317 aliique
1595 2263 1699 2307 ciari
1730 2261 1813 2306 viri
1848 2263 2077 2320 viderunt,
2111 2265 2266 2311 mediis

131 2333 177 2364 m
207 2331 326 2375 aquis
360 2320 524 2364 catulos
556 2318 677 2364 hiare
705 2318 826 2375 (h),
854 2319 898 2365 ὃ(
929 2320 1091 2377 pariter
1132 2321 1204 2366 diu
1236 2332 1334 2364 ante
1367 2319 1701 2375 respirationem
1743 2320 2013 2368 constantem
2042 2321 2087 2369 in
2117 2323 2264 2368 avium

1280 2378 1324 2423 D
1354 2379 1380 2423 d
1446 2399 1468 2427 2
2170 2380 2284 2437 pul(

120 2668 2258 2688 ———-————————n-——oeu——a—m—u—u——t—-n——-—n—=ae-

167 2759 218 2804 (t)
245 2763 315 2796 Post
339 2763 453 2798 decem
479 2766 612 2800 minuta
629 2790 640 2808 ‚
679 2775 755 2799 cum
782 2762 886 2806 ligata
912 2762 1019 2798 fuisset
1044 2763 1159 2808 aspera
1219 2765 1338 2798 Boerh.
1365 2771 1391 2797 t.
1422 2776 1448 2806 ς.
1476 2768 1512 2798 Ρ.
1540 2772 1573 2798 Ξ.
1599 2775 1632 2808 p.
1657 2769 1737 2806 464.

121 2808 244 2841 arteria
267 2809 368 2843 Birch
393 2817 420 2843 t.
449 2823 479 2845 2.
505 2823 537 2855 p.
566 2824 642 2853 232„
670 2822 748 2851 233.
1265 2811 1323 2849 (a)
1353 2809 1513 2851 Tbrustm
1541 2821 1571 2853 P·
1600 2817 1654 2850 96·
1682 2822 1736 2850 97:

164 2851 221 2893 (u)
248 2858 296 2887 De
321 2866 357 2887 ea
385 2856 444 2889 lite
470 2880 481 2898 ,
517 2860 545 2891 ἃ
571 2869 611 2890 an
649 2859 736 2891 fetus
773 2855 808 2888 in
844 2855 968 2897 vagi-na
990 2854 1157 2898 respirare
1266 2854 1323 2897 (b)
1352 2859 1506 2890 Pitcaim
1531 2857 1567 2890 in
1593 2858 1654 2890 cit.
1680 2857 1753 2890 diff.
1783 2856 1910 2897 Croeser
1935 2863 2114 2903 ontvverp.
2141 2869 2173 2905 p.
2204 2868 2257 2894 η.

124 2899 240 2939 possit,
265 2911 306 2932 an
332 2900 467 2934 demum
508 2914 618 2936 aerem
644 2904 756 2946 capiat
779 2924 790 2941 ,
825 2901 961 2943 quando
998 2908 1091 2934 totus
1116 2903 1157 2935 de
1263 2901 1317 2942 (c)
1342 2901 1426 2935 See't.
1455 2904 1512 2935 IV.
1540 2902 1573 2942 §.
1602 2914 1634 2935 2.

122 2945 240 2977 matris
265 2955 404 2987 corpore
430 2946 543 2987 exiit,
566 2950 651 2983 alias
675 2945 888 2991 ‘inquiremus
907 2971 916 2979 .,
1263 2948 1313 2991 (e)
1344 2947 1511 2982 Roakema
1540 2948 1574 2981 iu
1601 2947 1731 2991 scriptis
1758 2948 2024 2993 Ammerkingen
2052 2961 2085 2994 p.
2116 2961 2169 2990 19.
2193 2952 2292 2987 ἃς»,

163 2987 222 3037 §xi
247 2992 350 3032 Boyle
374 3002 487 3033 exper.
523 2992 616 3035 phys.
654 2993 761 3027 mech.
801 3002 835 3034 p.
860 3002 917 3030 4¹·
953 2990 1090 3034 digress„
1116 2993 1157 3028 de
1217 3002 1335 3028 contra
1363 2994 1474 3026 Idema
1500 2993 1683 3026 Wierdsma
1717 2993 1803 3036 apud
1839 2997 1875 3027 B.
1901 2994 2012 3028 Idema
2039 2995 2258 3031 tuffchenins-

123 3033 198 3066 unl.
228 3035 342 3076 respir.
370 3039 475 3070 Mem.
505 3038 554 3070 sur
578 3039 610 3071 la
634 3038 747 3079 respir.
775 3040 861 3080 Exp.
887 3037 948 3070 cit.
1217 3042 1321 3086 praei<
1348 3050 1380 3080 p.
1407 3050 1459 3070 22.

162 3076 223 3119 (y)
249 3082 359 3113 Mem.
384 3080 436 3113 sur
460 3083 491 3115 le
517 3085 633 3125 poulet
668 3083 735 3116 obs.
765 3093 842 3122 255.
870 3086 1050 3121 236s260.
1078 3084 1157 3119 Cia·
1264 3086 1322 3129 (f)
1350 3089 1433 3126 Exp.
1461 3085 1560 3118 nostr.
1587 3087 1663 3117 260.

120 3131 211 3173 mare
238 3126 385 3158 nondum
412 3136 512 3170 rupto
537 3140 602 3161 ovo
627 3129 757 3163 Bertier
794 3126 947 3171 phyfiqu.
972 3130 1031 3163 des
1054 3141 1152 3175 corps
1259 3131 1320 3173 (g)
1346 3131 1483 3163 Nicolai
1508 3141 1572 3163 von
1600 3130 1659 3163 der
1684 3129 2007 3176 Einhildungsktaft
2032 3142 2064 3178 p.
2090 3136 2146 3175 65.

118 3169 247 3201 animes
274 3181 306 3212 p.
334 3180 408 3209 ²24·
1257 3175 1318 3221 (h)
1344 3175 1444 3211 conf.
1470 3186 1503 3219 p·
1528 3185 1604 3217 209.

165 3210 217 3257 (z)
247 3217 329 3256 Quae
353 3226 426 3251 mea
453 3216 648 3257 conjectura
683 3217 750 3253 fuit
775 3221 908 3253 eornm.
934 3220 975 3254 ad
1000 3221 1151 3258 Praeless.
